@Article{Adomavicius2005,
  author    = {Adomavicius, G. and Tuzhilin, A.},
  journal   = {IEEE Transactions on Knowledge and Data Engineering},
  title     = {Toward the next generation of recommender systems: a survey of the state-of-the-art and possible extensions},
  year      = {2005},
  issn      = {1041-4347},
  month     = jun,
  number    = {6},
  pages     = {734--749},
  volume    = {17},
  doi       = {10.1109/tkde.2005.99},
  publisher = {Institute of Electrical and Electronics Engineers (IEEE)},
}

@Book{Saporta2022,
  author    = {Gilbert Saporta},
  editor    = {Anne Gégout-Petit and Myriam Maumy-Bertrand and Gilbert Saporta and Christine Thomas-Agnan},
  publisher = {Editions Technip},
  title     = {Algorithmes de recommandation},
  year      = {2022},
}

@Electronic{patissier2024recommandation,
  author       = {Patissier, C.},
  howpublished = {\url{https://www.openstudio.fr/2020/11/01/etude-bibliographique-des-systemes-de-recommandation-a-base-de-factorisation-de-matrices/}},
  month        = {January},
  note         = {Consulté le 3 janvier 2025},
  title        = {Étude bibliographique des systèmes de recommandation à base de factorisation de matrices},
  year         = {2024},
  day          = {8},
}

@Article{delporte2014recommandation,
  author    = {Delporte, J. and Canu, S. and Karatzoglou, A.},
  title     = {Apprentissage et factorisation pour la recommandation},
  year      = {2014},
  pages     = {1--26},
  booktitle = {Actes des AAFD 2014},
  series    = {RNTI-A-6},
}

@Electronic{ghosh2018matrixfactorization,
  author       = {Ghosh, S.},
  howpublished = {\url{https://medium.com/@connectwithghosh/simple-matrix-factorization-example-on-the-movielens-dataset-using-pyspark-9b7e3f567536}},
  month        = {June},
  note         = {Consulté le 3 janvier 2025},
  title        = {Simple Matrix Factorization example on the Movielens dataset using Pyspark},
  year         = {2018},
  day          = {4},
}

@Article{Oufaida2008,
  author    = {Oufaida, Houda and Nouali, Omar},
  journal   = {Document numérique},
  title     = {Le filtrage collaboratif et le web 2.0. Etat de l’art},
  year      = {2008},
  issn      = {1279-5127},
  month     = jun,
  number    = {1–2},
  pages     = {13--35},
  volume    = {11},
  doi       = {10.3166/dn.11.1-2.13-35},
  publisher = {Lavoisier},
}

@Electronic{ibm_recommendation_engine,
  author       = {{IBM}},
  howpublished = {\url{https://www.ibm.com/fr-fr/think/topics/recommendation-engine}},
  note         = {Consulté le 4 janvier 2025},
  title        = {What is a recommendation engine?},
  year         = {n.d.},
}

@Article{Portugal2018,
  author    = {Portugal, Ivens and Alencar, Paulo and Cowan, Donald},
  journal   = {Expert Systems with Applications},
  title     = {The use of machine learning algorithms in recommender systems: A systematic review},
  year      = {2018},
  issn      = {0957-4174},
  month     = may,
  pages     = {205--227},
  volume    = {97},
  doi       = {10.1016/j.eswa.2017.12.020},
  publisher = {Elsevier BV},
}

@Electronic{mccarthy1955dartmouth,
  author       = {McCarthy, John and Minsky, Marvin and Rochester, Nathaniel and Shannon, Claude},
  howpublished = {\url{http://www-formal.stanford.edu/jmc/history/dartmouth/dartmouth.html}},
  note         = {Consulté le 3 janvier 2025},
  title        = {A Proposal for the Dartmouth Summer Research Project on Artificial Intelligence},
  year         = {1955},
}

@Misc{statista2024spotify,
  author       = {{Statista}},
  howpublished = {\url{https://fr.statista.com/statistiques/574665/spotify-nombre-d-utilisateurs-actifs-dans-le-monde/}},
  month        = {September},
  note         = {Consulté le 3 janvier 2025},
  title        = {Spotify : nombre d’utilisateurs actifs dans le monde 2015-2023},
  year         = {2024},
  day          = {6},
}

@Misc{cnil_algorithme,
  author = {{Commission Nationale de l'Informatique et des Libertés (CNIL)}},
  note   = {Consulté le 3 janvier 2025},
  title  = {Algorithme},
  year   = {n.d.},
  url    = {https://www.cnil.fr/fr/definition/algorithme},
}

@Comment{jabref-meta: databaseType:bibtex;}
